@ARTICLE{HM_86B,
    AUTHOR={T.J.R. Hughes, M. Mallet},
    TITLE={A new finite element method for CFD: IV. A 
     discontinuity-capturing operator for multidimensional advective-diffusive systems.},
    PAGE={329--336},    
    JOURNAL={Comp. Meth. in Applied Mechanics and Engineering},
    VOLUME=58,
    YEAR=1986 
}

@PhdThesis{rodriguez,
  author = 	 {Rodr\'\i{}guez, L.},
  title = 	 {Investigation of Stream-Aquifer Interactions Using a 
                     Coupled Surface-Water and Ground-Water Flow Model},
  school = 	 {University of Arizona},
  year = 	 1995
}

